@article{Bajusz2015WhyIT,
  title={Why is Tanimoto index an appropriate choice for fingerprint-based similarity calculations?},
  author={D. Bajusz and A. R{\'a}cz and K. H{\'e}berger},
  journal={Journal of Cheminformatics},
  year={2015},
  volume={7}
}
@article{Rajan2020DECIMERTD,
  title={DECIMER: towards deep learning for chemical image recognition},
  author={Kohulan Rajan and A. Zielesny and C. Steinbeck},
  journal={Journal of Cheminformatics},
  year={2020},
  volume={12}
}
@article{Staker2019MolecularSE,
  title={Molecular Structure Extraction From Documents Using Deep Learning},
  author={Joshua Staker and Kyle Marshall and Robert Abel and C. McQuaw},
  journal={Journal of chemical information and modeling},
  year={2019},
  volume={59 3},
  pages={
          1017-1029
        }
}
@article{Krenn2019SelfReferencingES,
  title={Self-Referencing Embedded Strings (SELFIES): A 100% robust molecular string representation},
  author={Mario Krenn and F. Hase and AkshatKumar Nigam and Pascal Friederich and Al{\'a}n Aspuru-Guzik},
  journal={arXiv: Learning},
  year={2019}
}
@article{Oldenhof2020ChemGrapherOG,
  title={ChemGrapher: Optical Graph Recognition of Chemical Compounds by Deep Learning},
  author={M. Oldenhof and A. Arany and Y. Moreau and J. Simm},
  journal={Journal of chemical information and modeling},
  year={2020}
}
@article{Carion2020EndtoEndOD,
  title={End-to-End Object Detection with Transformers},
  author={Nicolas Carion and Francisco Massa and Gabriel Synnaeve and Nicolas Usunier and Alexander Kirillov and Sergey Zagoruyko},
  journal={ArXiv},
  year={2020},
  volume={abs/2005.12872}
}
@article{Oldenhof2020ChemGrapherOG,
  title={ChemGrapher: Optical Graph Recognition of Chemical Compounds by Deep Learning},
  author={M. Oldenhof and A. Arany and Y. Moreau and J. Simm},
  journal={Journal of chemical information and modeling},
  year={2020}
}